@article{boorman2009green,
  title={How green is the grass on the other side? Frontopolar cortex and the evidence in favor of alternative courses of action},
  author={Boorman, Erie D and Behrens, Timothy EJ and Woolrich, Mark W and Rushworth, Matthew FS},
  journal={Neuron},
  volume={62},
  number={5},
  pages={733--743},
  year={2009},
  publisher={Elsevier}
}

@incollection{papeo2020neurobiology,
  title={The neurobiology of lexical and sentential negation},
  author={Papeo, Liuba and de Vega, Manuel},
  booktitle={The Oxford Handbook of Negation},
  year={2020}
}

@article{vallesi2014monitoring,
  title={Monitoring mechanisms in visual search: an fMRI study},
  author={Vallesi, Antonino},
  journal={Brain research},
  volume={1579},
  pages={65--73},
  year={2014},
  publisher={Elsevier}
}

@article{shulman2007right,
  title={Right TPJ deactivation during visual search: functional significance and support for a filter hypothesis},
  author={Shulman, Gordon L and Astafiev, Serguei V and McAvoy, Mark P and d'Avossa, Giovanni and Corbetta, Maurizio},
  journal={Cerebral cortex},
  volume={17},
  number={11},
  pages={2625--2633},
  year={2007},
  publisher={Oxford University Press}
}

@article{hsu2017absence,
  title={When absence of evidence is evidence of absence: Rational inferences from absent data},
  author={Hsu, Anne S and Horng, Andy and Griffiths, Thomas L and Chater, Nick},
  journal={Cognitive science},
  volume={41},
  pages={1155--1167},
  year={2017},
  publisher={Wiley Online Library}
}

@article{botvinick1998rubber,
  title={Rubber hands ‘feel’touch that eyes see},
  author={Botvinick, Matthew and Cohen, Jonathan},
  journal={Nature},
  volume={391},
  number={6669},
  pages={756--756},
  year={1998},
  publisher={Nature Publishing Group}
}

@article{cowie2013children,
  title={Children’s responses to the rubber-hand illusion reveal dissociable pathways in body representation},
  author={Cowie, Dorothy and Makin, Tamar R and Bremner, Andrew J},
  journal={Psychological science},
  volume={24},
  number={5},
  pages={762--769},
  year={2013},
  publisher={Sage Publications Sage CA: Los Angeles, CA}
}

@article{kammers2009rubber,
  title={The rubber hand illusion in action},
  author={Kammers, Marjolein PM and de Vignemont, Frederique and Verhagen, Lennart and Dijkerman, H Chris},
  journal={Neuropsychologia},
  volume={47},
  number={1},
  pages={204--211},
  year={2009},
  publisher={Elsevier}
}

@article{tsakiris2005rubber,
  title={The rubber hand illusion revisited: visuotactile integration and self-attribution.},
  author={Tsakiris, Manos and Haggard, Patrick},
  journal={Journal of Experimental Psychology: Human Perception and Performance},
  volume={31},
  number={1},
  pages={80},
  year={2005},
  publisher={American Psychological Association}
}

@article{sanborn2013reconciling,
  title={Reconciling intuitive physics and Newtonian mechanics for colliding objects.},
  author={Sanborn, Adam N and Mansinghka, Vikash K and Griffiths, Thomas L},
  journal={Psychological review},
  volume={120},
  number={2},
  pages={411},
  year={2013},
  publisher={American Psychological Association}
}

@article{gopnik1992child,
  title={Why the child's theory of mind really is a theory},
  author={Gopnik, Alison and Wellman, Henry M},
  year={1992},
  publisher={Blackwell Publishing Ltd}
}

@book{darwin1958autobiography,
  title={Autobiography and selected letters},
  author={Darwin, Charles and Darwin, Francis},
  volume={479},
  year={1958},
  publisher={Courier Corporation}
}

@inproceedings{myung2009bayesian,
  title={Bayesian adaptive optimal design of psychology experiments},
  author={Myung, J and Pitt, M and Tang, Yun and Cavagnaro, Daniel R},
  booktitle={Proceedings of the 2nd International Workshop in Sequential Methodologies (IWSM2009)},
  pages={1--6},
  year={2009},
  organization={Citeseer}
}

@article{he2020new,
  title={New efficient and practicable adaptive designs for calibrating items online},
  author={He, Yinhong and Chen, Ping and Li, Yong},
  journal={Applied psychological measurement},
  volume={44},
  number={1},
  pages={3--16},
  year={2020},
  publisher={SAGE Publications Sage CA: Los Angeles, CA}
}

@article{cavagnaro2011model,
  title={Model discrimination through adaptive experimentation},
  author={Cavagnaro, Daniel R and Pitt, Mark A and Myung, Jay I},
  journal={Psychonomic bulletin \& review},
  volume={18},
  number={1},
  pages={204--210},
  year={2011},
  publisher={Springer}
}

@inproceedings{sanborn2008markov,
  title={Markov chain Monte Carlo with people},
  author={Sanborn, Adam and Griffiths, Thomas L},
  booktitle={Advances in neural information processing systems},
  pages={1265--1272},
  year={2008}
}

@article{hsu2019identifying,
  title={Identifying category representations for complex stimuli using discrete Markov chain Monte Carlo with people},
  author={Hsu, Anne S and Martin, Jay B and Sanborn, Adam N and Griffiths, Thomas L},
  journal={Behavior research methods},
  volume={51},
  number={4},
  pages={1706--1716},
  year={2019},
  publisher={Springer}
}


@article{langlois2021serial,
  title={Serial reproduction reveals the geometry of visuospatial representations},
  author={Langlois, Thomas A and Jacoby, Nori and Suchow, Jordan W and Griffiths, Thomas L},
  journal={Proceedings of the National Academy of Sciences},
  volume={118},
  number={13},
  year={2021},
  publisher={National Acad Sciences}
}

@article{isola2013makes,
  title={What makes a photograph memorable?},
  author={Isola, Phillip and Xiao, Jianxiong and Parikh, Devi and Torralba, Antonio and Oliva, Aude},
  journal={IEEE transactions on pattern analysis and machine intelligence},
  volume={36},
  number={7},
  pages={1469--1482},
  year={2013},
  publisher={IEEE}
}

@article{rust2020understanding,
  title={Understanding image memorability},
  author={Rust, Nicole C and Mehrpour, Vahid},
  journal={Trends in cognitive sciences},
  year={2020},
  publisher={Elsevier}
}

@article{kellij2018foundations,
  title={The foundations of introspective access: how the relative precision of target encoding influences metacognitive performance},
  author={Kellij, Sanne and Fahrenfort, Johannes and Lau, Hakwan and Peters, Megan AK and Odegaard, Brian},
  year={2018},
  publisher={PsyArXiv}
}

@article{kay2017bottom,
  title={Bottom-up and top-down computations in word-and face-selective cortex},
  author={Kay, Kendrick N and Yeatman, Jason D},
  journal={Elife},
  volume={6},
  pages={e22341},
  year={2017},
  publisher={eLife Sciences Publications Limited}
}