@article{mazor2021inference,
  title={Inference about Absence as a Window into the Mental Self-Model},
  author={Mazor, Matan},
  year={2021},
  publisher={PsyArXiv}
}

@article{mazor2021zero,
  title={Zero-shot search termination reveals a dissociation between implicit and explicit metacognitive knowledge},
  author={Mazor, Matan and Fleming, Stephen},
  year={2021},
  publisher={PsyArXiv}
}

@article{levin2008visual,
  title={The visual metacognition questionnaire: A measure of intuitions about vision},
  author={Levin, Daniel T and Angelone, Bonnie L},
  journal={The American Journal of Psychology},
  pages={451--472},
  year={2008},
  publisher={JSTOR}
}

@article{scholl2004change,
  title={Change blindness’ blindness: An implicit measure of a metacognitive error},
  author={Scholl, Brian J and Simons, Daniel J and Levin, Daniel T},
  journal={Thinking and seeing: visual metacognition in adults and children (ed. DT Levin)},
  pages={145--163},
  year={2004}
}

@article{levin2000change,
  title={Change blindness blindness: The metacognitive error of overestimating change-detection ability},
  author={Levin, Daniel T and Momen, Nausheen and Drivdahl IV, Sarah B and Simons, Daniel J},
  journal={Visual cognition},
  volume={7},
  number={1-3},
  pages={397--412},
  year={2000},
  publisher={Taylor \& Francis}
}

@article{miller1977children,
  title={Children's understanding of how stimulus dimensions affect performance},
  author={Miller, Patricia H and Bigi, Linda},
  journal={Child Development},
  pages={1712--1715},
  year={1977},
  publisher={JSTOR}
}

@article{forrester1971counterintuitive,
  title={Counterintuitive behavior of social systems},
  author={Forrester, Jay W},
  journal={Theory and decision},
  volume={2},
  number={2},
  pages={109--140},
  year={1971},
  publisher={Springer}
}

@article{tenenbaum2011grow,
  title={How to grow a mind: Statistics, structure, and abstraction},
  author={Tenenbaum, Joshua B and Kemp, Charles and Griffiths, Thomas L and Goodman, Noah D},
  journal={science},
  volume={331},
  number={6022},
  pages={1279--1285},
  year={2011},
  publisher={American Association for the Advancement of Science}
}
@article{levin2004thinking,
  title={Thinking about seeing: Spanning the difference between metacognitive failure and success},
  author={Levin, Daniel T and Beck, Melissa R},
  journal={Thinking and seeing: Visual metacognition in adults and children},
  pages={121--143},
  year={2004},
  publisher={MIT Press. Cambridge, MA}
}

@article{friston2010free,
  title={The free-energy principle: a unified brain theory?},
  author={Friston, Karl},
  journal={Nature reviews neuroscience},
  volume={11},
  number={2},
  pages={127--138},
  year={2010},
  publisher={Nature publishing group}
}

@inproceedings{magid2017intuitive,
  title={Intuitive psychophysics: Children's exploratory play quantitatively tracks the discriminability of alternative hypotheses.},
  author={Magid, Rachel and Siegel, Max H and Tenenbaum, Josh and Schulz, Laura},
  booktitle={CogSci},
  year={2017}
}

@article{wolfe1989guided,
  title={Guided search: an alternative to the feature integration model for visual search.},
  author={Wolfe, Jeremy M and Cave, Kyle R and Franzel, Susan L},
  journal={Journal of Experimental Psychology: Human perception and performance},
  volume={15},
  number={3},
  pages={419},
  year={1989},
  publisher={American Psychological Association}
}

@article{wolfe1994guided,
  title={Guided search 2.0 a revised model of visual search},
  author={Wolfe, Jeremy M},
  journal={Psychonomic bulletin \& review},
  volume={1},
  number={2},
  pages={202--238},
  year={1994},
  publisher={Springer}
}

@article{wolfe2021guided,
  title={Guided Search 6.0: An updated model of visual search},
  author={Wolfe, Jeremy M},
  journal={Psychonomic Bulletin \& Review},
  pages={1--33},
  year={2021},
  publisher={Springer}
}

@article{hoffman1979two,
  title={A two-stage model of visual search},
  author={Hoffman, James E},
  journal={Perception \& Psychophysics},
  volume={25},
  number={4},
  pages={319--327},
  year={1979},
  publisher={Springer}
}

@article{wolfe1994guided,
  title={Guided search 2.0 a revised model of visual search},
  author={Wolfe, Jeremy M},
  journal={Psychonomic bulletin \& review},
  volume={1},
  number={2},
  pages={202--238},
  year={1994},
  publisher={Springer}
}

@article{treisman1990conjunction,
  title={Conjunction search revisited.},
  author={Treisman, Anne and Sato, Sharon},
  journal={Journal of experimental psychology: human perception and performance},
  volume={16},
  number={3},
  pages={459},
  year={1990},
  publisher={American Psychological Association}
}

@article{treisman1985search,
  title={Search asymmetry: a diagnostic for preattentive processing of separable features.},
  author={Treisman, Anne and Souther, Janet},
  journal={Journal of Experimental Psychology: General},
  volume={114},
  number={3},
  pages={285},
  year={1985},
  publisher={American Psychological Association}
}

@article{treisman1986features,
  title={Features and objects in visual processing},
  author={Treisman, Anne},
  journal={Scientific American},
  volume={255},
  number={5},
  pages={114B--125},
  year={1986},
  publisher={JSTOR}
}

@article{henninger2019lab,
  title={Lab. js: A free, open, online study builder},
  author={Henninger, Felix and Shevchenko, Yury and Mertens, Ulf and Kieslich, Pascal J and Hilbig, Benjamin E},
  year={2019},
  publisher={PsyArXiv}
}

@article{lange2015just,
  title={" Just Another Tool for Online Studies”(JATOS): An Easy Solution for Setup and Management of Web Servers Supporting Online Studies},
  author={Lange, Kristian and K{\"u}hn, Simone and Filevich, Elisa},
  journal={PloS one},
  volume={10},
  number={6},
  year={2015},
  publisher={Public Library of Science}
}

@article{mccloskey1983intuitive,
  title={Intuitive physics},
  author={McCloskey, Michael},
  journal={Scientific american},
  volume={248},
  number={4},
  pages={122--131},
  year={1983},
  publisher={JSTOR}
}

@article{ullman2017mind,
  title={Mind games: Game engines as an architecture for intuitive physics},
  author={Ullman, Tomer D and Spelke, Elizabeth and Battaglia, Peter and Tenenbaum, Joshua B},
  journal={Trends in cognitive sciences},
  volume={21},
  number={9},
  pages={649--665},
  year={2017},
  publisher={Elsevier}
}

@article{battaglia2013simulation,
  title={Simulation as an engine of physical scene understanding},
  author={Battaglia, Peter W and Hamrick, Jessica B and Tenenbaum, Joshua B},
  journal={Proceedings of the National Academy of Sciences},
  volume={110},
  number={45},
  pages={18327--18332},
  year={2013},
  publisher={National Acad Sciences}
}

@article{siegel2021children,
  title={Children’s exploratory play tracks the discriminability of hypotheses},
  author={Siegel, Max H and Magid, Rachel W and Pelz, Madeline and Tenenbaum, Joshua B and Schulz, Laura E},
  journal={Nature Communications},
  volume={12},
  number={1},
  pages={1--9},
  year={2021},
  publisher={Nature Publishing Group}
}

@article{gerstenberg2017intuitive,
  title={Intuitive theories},
  author={Gerstenberg, Tobias and Tenenbaum, Joshua B},
  journal={Oxford handbook of causal reasoning},
  pages={515--548},
  year={2017},
  publisher={Oxford University Press New York, NY}
}

@inproceedings{baker2011bayesian,
  title={Bayesian theory of mind: Modeling joint belief-desire attribution},
  author={Baker, Chris and Saxe, Rebecca and Tenenbaum, Joshua},
  booktitle={Proceedings of the annual meeting of the cognitive science society},
  volume={33},
  number={33},
  year={2011}
}

@article{gelman2011concepts,
  title={Concepts and folk theories},
  author={Gelman, Susan A and Legare, Cristine H},
  journal={Annual review of anthropology},
  volume={40},
  pages={379--398},
  year={2011},
  publisher={Annual Reviews}
}

@article{smith2013sources,
  title={Sources of uncertainty in intuitive physics},
  author={Smith, Kevin A and Vul, Edward},
  journal={Topics in cognitive science},
  volume={5},
  number={1},
  pages={185--199},
  year={2013},
  publisher={Wiley Online Library}
}

@article{wilterson2020attention,
  title={Attention control and the attention schema theory of consciousness},
  author={Wilterson, Andrew I and Kemper, Casey M and Kim, Noah and Webb, Taylor W and Reblando, Alexandra MW and Graziano, Michael SA},
  journal={Progress in Neurobiology},
  volume={195},
  pages={101844},
  year={2020},
  publisher={Elsevier}
}

@article{sanborn2013reconciling,
  title={Reconciling intuitive physics and Newtonian mechanics for colliding objects.},
  author={Sanborn, Adam N and Mansinghka, Vikash K and Griffiths, Thomas L},
  journal={Psychological review},
  volume={120},
  number={2},
  pages={411},
  year={2013},
  publisher={American Psychological Association}
}

@article{graziano2015attention,
  title={The attention schema theory: a mechanistic account of subjective awareness},
  author={Graziano, Michael SA and Webb, Taylor W},
  journal={Frontiers in psychology},
  volume={6},
  pages={500},
  year={2015},
  publisher={Frontiers}
}

@article{brown1977memorability,
  title={Memorability, word frequency and negative recognition},
  author={Brown, J and Lewis, VJ and Monk, AF},
  journal={The Quarterly Journal of Experimental Psychology},
  volume={29},
  number={3},
  pages={461--473},
  year={1977},
  publisher={Taylor \& Francis}
}

@inproceedings{magid2017intuitive,
  title={Intuitive psychophysics: Children's exploratory play quantitatively tracks the discriminability of alternative hypotheses.},
  author={Magid, Rachel and Siegel, Max H and Tenenbaum, Josh and Schulz, Laura},
  booktitle={CogSci},
  year={2017}
}

@inproceedings{lake2011one,
  title={One shot learning of simple visual concepts},
  author={Lake, Brenden and Salakhutdinov, Ruslan and Gross, Jason and Tenenbaum, Joshua},
  booktitle={Proceedings of the annual meeting of the cognitive science society},
  volume={33},
  number={33},
  year={2011}
}

@article{miall1996forward,
  title={Forward models for physiological motor control},
  author={Miall, R Chris and Wolpert, Daniel M},
  journal={Neural networks},
  volume={9},
  number={8},
  pages={1265--1279},
  year={1996},
  publisher={Elsevier}
}

@article{blakemore1998central,
  title={Central cancellation of self-produced tickle sensation},
  author={Blakemore, Sarah-J and Wolpert, Daniel M and Frith, Chris D},
  journal={Nature neuroscience},
  volume={1},
  number={7},
  pages={635--640},
  year={1998},
  publisher={Nature Publishing Group}
}

@article{wolpert1995internal,
  title={An internal model for sensorimotor integration},
  author={Wolpert, Daniel M and Ghahramani, Zoubin and Jordan, Michael I},
  journal={Science},
  volume={269},
  number={5232},
  pages={1880--1882},
  year={1995},
  publisher={American Association for the Advancement of Science}
}

@article{smith2013sources,
  title={Sources of uncertainty in intuitive physics},
  author={Smith, Kevin A and Vul, Edward},
  journal={Topics in cognitive science},
  volume={5},
  number={1},
  pages={185--199},
  year={2013},
  publisher={Wiley Online Library}
}

@article{shepard1971mental,
  title={Mental rotation of three-dimensional objects},
  author={Shepard, Roger N and Metzler, Jacqueline},
  journal={Science},
  volume={171},
  number={3972},
  pages={701--703},
  year={1971},
  publisher={American Association for the Advancement of Science}
}

@article{tversky1991loss,
  title={Loss aversion in riskless choice: A reference-dependent model},
  author={Tversky, Amos and Kahneman, Daniel},
  journal={The quarterly journal of economics},
  volume={106},
  number={4},
  pages={1039--1061},
  year={1991},
  publisher={MIT Press}
}

@article{wolfe1998can,
  title={What can 1 million trials tell us about visual search?},
  author={Wolfe, Jeremy M},
  journal={Psychological Science},
  volume={9},
  number={1},
  pages={33--39},
  year={1998},
  publisher={SAGE Publications Sage CA: Los Angeles, CA}
}

@article{wolfe2017five,
  title={Five factors that guide attention in visual search},
  author={Wolfe, Jeremy M and Horowitz, Todd S},
  journal={Nature Human Behaviour},
  volume={1},
  number={3},
  pages={1--8},
  year={2017},
  publisher={Nature Publishing Group}
}

@article{mazor2019novel,
  title={A novel tool for time-locking study plans to results},
  author={Mazor, Matan and Mazor, Noam and Mukamel, Roy},
  journal={European Journal of Neuroscience},
  volume={49},
  number={9},
  pages={1149--1156},
  year={2019},
  publisher={Wiley Online Library}
}

@article{horowitz1998visual,
  title={Visual search has no memory},
  author={Horowitz, Todd S and Wolfe, Jeremy M},
  journal={Nature},
  volume={394},
  number={6693},
  pages={575--577},
  year={1998},
  publisher={Nature Publishing Group}
}

@article{peterson2001visual,
  title={Visual search has memory},
  author={Peterson, Matthew S and Kramer, Arthur F and Wang, Ranxiao Frances and Irwin, David E and McCarley, Jason S},
  journal={Psychological Science},
  volume={12},
  number={4},
  pages={287--292},
  year={2001},
  publisher={SAGE Publications Sage CA: Los Angeles, CA}
}
@Manual{R-base,
  title = {R: A Language and Environment for Statistical Computing},
  author = {{R Core Team}},
  organization = {R Foundation for Statistical Computing},
  address = {Vienna, Austria},
  year = {2019},
  url = {https://www.R-project.org/},
}
@Manual{R-papaja,
  author = {Frederik Aust and Marius Barth},
  title = {{papaja}: {Create} {APA} manuscripts with {R Markdown}},
  year = {2020},
  note = {R package version 0.1.0.9942},
  url = {https://github.com/crsh/papaja},
}
@Manual{R-dplyr,
  title = {dplyr: A Grammar of Data Manipulation},
  author = {Hadley Wickham and Romain François and Lionel Henry and Kirill Müller},
  year = {2020},
  note = {R package version 1.0.0},
  url = {https://CRAN.R-project.org/package=dplyr},
}
@Manual{R-magrittr,
  title = {magrittr: A Forward-Pipe Operator for R},
  author = {Stefan Milton Bache and Hadley Wickham},
  year = {2014},
  note = {R package version 1.5},
  url = {https://CRAN.R-project.org/package=magrittr},
}
@Manual{R-broom,
  title = {broom: Convert Statistical Analysis Objects into Tidy Tibbles},
  author = {David Robinson and Alex Hayes},
  year = {2020},
  note = {R package version 0.5.6},
  url = {https://CRAN.R-project.org/package=broom},
}
@Manual{R-tidyr,
  title = {tidyr: Tidy Messy Data},
  author = {Hadley Wickham and Lionel Henry},
  year = {2020},
  note = {R package version 1.1.0},
  url = {https://CRAN.R-project.org/package=tidyr},
}
@Manual{R-BayesFactor,
  title = {BayesFactor: Computation of Bayes Factors for Common Designs},
  author = {Richard D. Morey and Jeffrey N. Rouder},
  year = {2018},
  note = {R package version 0.9.12-4.2},
  url = {https://CRAN.R-project.org/package=BayesFactor},
}
@Article{R-coda,
  title = {CODA: Convergence Diagnosis and Output Analysis for MCMC},
  author = {Martyn Plummer and Nicky Best and Kate Cowles and Karen Vines},
  journal = {R News},
  year = {2006},
  volume = {6},
  number = {1},
  pages = {7--11},
  url = {https://journal.r-project.org/archive/},
  pdf = {https://www.r-project.org/doc/Rnews/Rnews_2006-1.pdf},
}
@Manual{R-Matrix,
  title = {Matrix: Sparse and Dense Matrix Classes and Methods},
  author = {Douglas Bates and Martin Maechler},
  year = {2019},
  note = {R package version 1.2-17},
  url = {https://CRAN.R-project.org/package=Matrix},
}
@Article{R-lme4,
  title = {Fitting Linear Mixed-Effects Models Using {lme4}},
  author = {Douglas Bates and Martin M{\"a}chler and Ben Bolker and Steve Walker},
  journal = {Journal of Statistical Software},
  year = {2015},
  volume = {67},
  number = {1},
  pages = {1--48},
  doi = {10.18637/jss.v067.i01},
}
@Book{R-MASS,
  title = {Modern Applied Statistics with S},
  author = {W. N. Venables and B. D. Ripley},
  publisher = {Springer},
  edition = {Fourth},
  address = {New York},
  year = {2002},
  note = {ISBN 0-387-95457-0},
  url = {http://www.stats.ox.ac.uk/pub/MASS4},
}
@Manual{R-ppcor,
  title = {ppcor: Partial and Semi-Partial (Part) Correlation},
  author = {Seongho Kim},
  year = {2015},
  note = {R package version 1.1},
  url = {https://CRAN.R-project.org/package=ppcor},
}
@Book{R-ggplot2,
  author = {Hadley Wickham},
  title = {ggplot2: Elegant Graphics for Data Analysis},
  publisher = {Springer-Verlag New York},
  year = {2016},
  isbn = {978-3-319-24277-4},
  url = {https://ggplot2.tidyverse.org},
}
@Manual{R-gridExtra,
  title = {gridExtra: Miscellaneous Functions for "Grid" Graphics},
  author = {Baptiste Auguie},
  year = {2017},
  note = {R package version 2.3},
  url = {https://CRAN.R-project.org/package=gridExtra},
}
@Manual{R-png,
  title = {png: Read and write PNG images},
  author = {Simon Urbanek},
  year = {2013},
  note = {R package version 0.1-7},
  url = {https://CRAN.R-project.org/package=png},
}
@Manual{R-cowplot,
  title = {cowplot: Streamlined Plot Theme and Plot Annotations for 'ggplot2'},
  author = {Claus O. Wilke},
  year = {2019},
  note = {R package version 1.0.0},
  url = {https://CRAN.R-project.org/package=cowplot},
}

@book{graziano2013consciousness,
  title={Consciousness and the social brain},
  author={Graziano, Michael SA},
  year={2013},
  publisher={Oxford University Press}
}

@article{metzinger2003phenomenal,
  title={Phenomenal transparency and cognitive self-reference},
  author={Metzinger, Thomas},
  journal={Phenomenology and the Cognitive Sciences},
  volume={2},
  number={4},
  pages={353--393},
  year={2003},
  publisher={Springer}
}

@article{marti2015subjective,
  title={Subjective report of eye fixations during serial search},
  author={Marti, S{\'e}bastien and Bayet, Laurie and Dehaene, Stanislas},
  journal={Consciousness and Cognition},
  volume={33},
  pages={1--15},
  year={2015},
  publisher={Elsevier}
}@Article{R-lmerTest,
  title = {{lmerTest} Package: Tests in Linear Mixed Effects Models},
  author = {Alexandra Kuznetsova and Per B. Brockhoff and Rune H. B. Christensen},
  journal = {Journal of Statistical Software},
  year = {2017},
  volume = {82},
  number = {13},
  pages = {1--26},
  doi = {10.18637/jss.v082.i13},
}
@Article{R-brms_a,
  title = {{brms}: An {R} Package for {Bayesian} Multilevel Models Using {Stan}},
  author = {Paul-Christian Bürkner},
  journal = {Journal of Statistical Software},
  year = {2017},
  volume = {80},
  number = {1},
  pages = {1--28},
  doi = {10.18637/jss.v080.i01},
  encoding = {UTF-8},
}
@Article{R-brms_b,
  title = {Advanced {Bayesian} Multilevel Modeling with the {R} Package {brms}},
  author = {Paul-Christian Bürkner},
  journal = {The R Journal},
  year = {2018},
  volume = {10},
  number = {1},
  pages = {395--411},
  doi = {10.32614/RJ-2018-017},
  encoding = {UTF-8},
}
@Article{R-Rcpp_a,
  title = {{Rcpp}: Seamless {R} and {C++} Integration},
  author = {Dirk Eddelbuettel and Romain Fran\c{c}ois},
  journal = {Journal of Statistical Software},
  year = {2011},
  volume = {40},
  number = {8},
  pages = {1--18},
  url = {http://www.jstatsoft.org/v40/i08/},
  doi = {10.18637/jss.v040.i08},
}
@Article{R-Rcpp_b,
  title = {{Extending 	extit{R} with 	extit{C++}: A Brief Introduction to 	extit{Rcpp}}},
  author = {Dirk Eddelbuettel and James Joseph Balamuta},
  journal = {PeerJ Preprints},
  year = {2017},
  month = {aug},
  volume = {5},
  pages = {e3188v1},
  issn = {2167-9843},
  url = {https://doi.org/10.7287/peerj.preprints.3188v1},
  doi = {10.7287/peerj.preprints.3188v1},
}
@Book{R-boot,
  title = {Bootstrap Methods and Their Applications},
  author = {A. C. Davison and D. V. Hinkley},
  publisher = {Cambridge University Press},
  address = {Cambridge},
  year = {1997},
  note = {ISBN 0-521-57391-2},
  url = {http://statwww.epfl.ch/davison/BMA/},
}

@article{shen2001visual,
  title={Visual search asymmetry: The influence of stimulus familiarity and low-level features},
  author={Shen, Jiye and Reingold, Eyal M},
  journal={Perception \& Psychophysics},
  volume={63},
  number={3},
  pages={464--475},
  year={2001},
  publisher={Springer}
}

@article{wolfe2010visual,
  title={Visual search},
  author={Wolfe, Jeremy M},
  journal={Current biology},
  volume={20},
  number={8},
  pages={R346--R349},
  year={2010},
  publisher={Elsevier}
}

@article{wang1994familiarity,
  title={Familiarity and pop-out in visual search},
  author={Wang, Qinqin and Cavanagh, Patrick and Green, Marc},
  journal={Perception \& psychophysics},
  volume={56},
  number={5},
  pages={495--500},
  year={1994},
  publisher={Springer}
}

@article{sherif1958assimilation,
  title={Assimilation and contrast effects of anchoring stimuli on judgments.},
  author={Sherif, Muzafer and Taub, Daniel and Hovland, Carl I},
  journal={Journal of experimental psychology},
  volume={55},
  number={2},
  pages={150},
  year={1958},
  publisher={American Psychological Association}
}@Manual{R-egg,
  title = {egg: Extensions for 'ggplot2': Custom Geom, Custom Themes, Plot
Alignment, Labelled Panels, Symmetric Scales, and Fixed Panel
Size},
  author = {Baptiste Auguie},
  year = {2019},
  note = {R package version 0.4.5},
  url = {https://CRAN.R-project.org/package=egg},
}
@Manual{R-forcats,
  title = {forcats: Tools for Working with Categorical Variables (Factors)},
  author = {Hadley Wickham},
  year = {2020},
  note = {R package version 0.5.0},
  url = {https://CRAN.R-project.org/package=forcats},
}
@Article{R-jsonlite,
  title = {The jsonlite Package: A Practical and Consistent Mapping Between JSON Data and R Objects},
  author = {Jeroen Ooms},
  journal = {arXiv:1403.2805 [stat.CO]},
  year = {2014},
  url = {https://arxiv.org/abs/1403.2805},
}
@Book{R-knitr,
  title = {Dynamic Documents with {R} and knitr},
  author = {Yihui Xie},
  publisher = {Chapman and Hall/CRC},
  address = {Boca Raton, Florida},
  year = {2015},
  edition = {2nd},
  note = {ISBN 978-1498716963},
  url = {https://yihui.org/knitr/},
}
@Manual{R-lsr,
  title = {Learning statistics with R: A tutorial for psychology students and other beginners. (Version 0.5)},
  author = {Daniel Navarro},
  organization = {University of Adelaide},
  address = {Adelaide, Australia},
  year = {2015},
  note = {R package version 0.5},
  url = {http://ua.edu.au/ccs/teaching/lsr},
}
@Manual{R-MESS,
  title = {MESS: Miscellaneous Esoteric Statistical Scripts},
  author = {Claus Thorn Ekstrøm},
  year = {2019},
  note = {R package version 0.5.6},
  url = {https://CRAN.R-project.org/package=MESS},
}
@Manual{R-purrr,
  title = {purrr: Functional Programming Tools},
  author = {Lionel Henry and Hadley Wickham},
  year = {2020},
  note = {R package version 0.3.4},
  url = {https://CRAN.R-project.org/package=purrr},
}
@Manual{R-pwr,
  title = {pwr: Basic Functions for Power Analysis},
  author = {Stephane Champely},
  year = {2020},
  note = {R package version 1.3-0},
  url = {https://CRAN.R-project.org/package=pwr},
}
@Manual{R-RColorBrewer,
  title = {RColorBrewer: ColorBrewer Palettes},
  author = {Erich Neuwirth},
  year = {2014},
  note = {R package version 1.1-2},
  url = {https://CRAN.R-project.org/package=RColorBrewer},
}
@Manual{R-readr,
  title = {readr: Read Rectangular Text Data},
  author = {Hadley Wickham and Jim Hester},
  year = {2020},
  note = {R package version 1.4.0},
  url = {https://CRAN.R-project.org/package=readr},
}
@Manual{R-reticulate,
  title = {reticulate: Interface to 'Python'},
  author = {Kevin Ushey and JJ Allaire and Yuan Tang},
  year = {2020},
  note = {R package version 1.16},
  url = {https://CRAN.R-project.org/package=reticulate},
}
@Manual{R-stringr,
  title = {stringr: Simple, Consistent Wrappers for Common String Operations},
  author = {Hadley Wickham},
  year = {2019},
  note = {R package version 1.4.0},
  url = {https://CRAN.R-project.org/package=stringr},
}
@Manual{R-thesisdown,
  title = {thesisdown: An updated R Markdown thesis template using the bookdown package},
  author = {Chester Ismay and Nick Solomon},
  year = {2021},
  note = {R package version 0.1.0},
}
@Manual{R-tibble,
  title = {tibble: Simple Data Frames},
  author = {Kirill Müller and Hadley Wickham},
  year = {2020},
  note = {R package version 3.0.1},
  url = {https://CRAN.R-project.org/package=tibble},
}
@Article{R-tidyverse,
  title = {Welcome to the {tidyverse}},
  author = {Hadley Wickham and Mara Averick and Jennifer Bryan and Winston Chang and Lucy D'Agostino McGowan and Romain François and Garrett Grolemund and Alex Hayes and Lionel Henry and Jim Hester and Max Kuhn and Thomas Lin Pedersen and Evan Miller and Stephan Milton Bache and Kirill Müller and Jeroen Ooms and David Robinson and Dana Paige Seidel and Vitalie Spinu and Kohske Takahashi and Davis Vaughan and Claus Wilke and Kara Woo and Hiroaki Yutani},
  year = {2019},
  journal = {Journal of Open Source Software},
  volume = {4},
  number = {43},
  pages = {1686},
  doi = {10.21105/joss.01686},
}
@Article{R-zoo,
  title = {zoo: S3 Infrastructure for Regular and Irregular Time Series},
  author = {Achim Zeileis and Gabor Grothendieck},
  journal = {Journal of Statistical Software},
  year = {2005},
  volume = {14},
  number = {6},
  pages = {1--27},
  doi = {10.18637/jss.v014.i06},
}

@article{shen2001visual,
  title={Visual search asymmetry: The influence of stimulus familiarity and low-level features},
  author={Shen, Jiye and Reingold, Eyal M},
  journal={Perception \& Psychophysics},
  volume={63},
  number={3},
  pages={464--475},
  year={2001},
  publisher={Springer}
}

@article{malinowski2001effect,
  title={The effect of familiarity on visual-search performance: Evidence for learned basic features},
  author={Malinowski, Peter and H{\"u}bner, Ronald},
  journal={Perception \& Psychophysics},
  volume={63},
  number={3},
  pages={458--463},
  year={2001},
  publisher={Springer}
}

@article{zhang2020visual,
  title={Visual search asymmetry depends on target-distractor feature similarity: Is the asymmetry simply a result of distractor rejection speed?},
  author={Zhang, Yichi Raven and Onyper, Serge},
  journal={Attention, Perception, \& Psychophysics},
  volume={82},
  number={1},
  pages={80--97},
  year={2020},
  publisher={Springer}
}

@article{tversky1977features,
  title={Features of similarity.},
  author={Tversky, Amos},
  journal={Psychological review},
  volume={84},
  number={4},
  pages={327},
  year={1977},
  publisher={American Psychological Association}
}

@article{adams2021introspective,
  title={Introspective awareness of oculomotor attentional capture.},
  author={Adams, Owen J and Gaspelin, Nicholas},
  journal={Journal of Experimental Psychology: Human Perception and Performance},
  year={2021},
  publisher={American Psychological Association}
}

@article{adams2020assessing,
  title={Assessing introspective awareness of attention capture},
  author={Adams, Owen J and Gaspelin, Nicholas},
  journal={Attention, Perception, \& Psychophysics},
  pages={1--13},
  year={2020},
  publisher={Springer}
}

@book{gopnik1997words,
  title={Words, thoughts, and theories},
  author={Gopnik, Alison and Meltzoff, Andrew N},
  year={1997},
  publisher={Mit Press}
}

@article{bonawitz2019sticking,
  title={Sticking to the evidence? A behavioral and computational case study of micro-theory change in the domain of magnetism},
  author={Bonawitz, Elizabeth and Ullman, Tomer D and Bridgers, Sophie and Gopnik, Alison and Tenenbaum, Joshua B},
  journal={Cognitive science},
  volume={43},
  number={8},
  pages={e12765},
  year={2019},
  publisher={Wiley Online Library}
}@Manual{R-modeest,
  title = {modeest: Mode Estimation},
  author = {Paul Poncet},
  year = {2019},
  note = {R package version 2.4.0},
  url = {https://CRAN.R-project.org/package=modeest},
}
@Manual{R-gsubfn,
  title = {gsubfn: Utilities for Strings and Function Arguments},
  author = {G. Grothendieck},
  year = {2018},
  note = {R package version 0.7},
  url = {https://CRAN.R-project.org/package=gsubfn},
}
@Manual{R-pracma,
  title = {pracma: Practical Numerical Math Functions},
  author = {Hans W. Borchers},
  year = {2019},
  note = {R package version 2.2.9},
  url = {https://CRAN.R-project.org/package=pracma},
}
@Manual{R-proto,
  title = {proto: Prototype Object-Based Programming},
  author = {Gabor Grothendieck and Louis Kates and Thomas Petzoldt},
  year = {2016},
  note = {R package version 1.0.0},
  url = {https://CRAN.R-project.org/package=proto},
}
@Manual{R-scales,
  title = {scales: Scale Functions for Visualization},
  author = {Hadley Wickham and Dana Seidel},
  year = {2020},
  note = {R package version 1.1.1},
  url = {https://CRAN.R-project.org/package=scales},
}
@Manual{R-ggpubr,
  title = {ggpubr: 'ggplot2' Based Publication Ready Plots},
  author = {Alboukadel Kassambara},
  year = {2020},
  note = {R package version 0.4.0},
  url = {https://CRAN.R-project.org/package=ggpubr},
}
@Manual{R-xtable,
  title = {xtable: Export Tables to LaTeX or HTML},
  author = {David B. Dahl and David Scott and Charles Roosen and Arni Magnusson and Jonathan Swinton},
  year = {2019},
  note = {R package version 1.8-4},
  url = {https://CRAN.R-project.org/package=xtable},
}
@Manual{R-afex,
  title = {afex: Analysis of Factorial Experiments},
  author = {Henrik Singmann and Ben Bolker and Jake Westfall and Frederik Aust and Mattan S. Ben-Shachar},
  year = {2021},
  note = {R package version 0.28-1},
  url = {https://CRAN.R-project.org/package=afex},
}
