@article{altman1995statistics,
  title={Statistics notes: Absence of evidence is not evidence of absence},
  author={Altman, Douglas G and Bland, J Martin},
  journal={Bmj},
  volume={311},
  number={7003},
  pages={485},
  year={1995},
  publisher={British Medical Journal Publishing Group}
}

@article{hsu2017absence,
  title={When absence of evidence is evidence of absence: Rational inferences from absent data},
  author={Hsu, Anne S and Horng, Andy and Griffiths, Thomas L and Chater, Nick},
  journal={Cognitive science},
  volume={41},
  pages={1155--1167},
  year={2017},
  publisher={Wiley Online Library}
}

@article{meuwese2014subjective,
  title={The subjective experience of object recognition: comparing metacognition for object detection and object categorization},
  author={Meuwese, Julia DI and van Loon, Anouk M and Lamme, Victor AF and Fahrenfort, Johannes J},
  journal={Attention, Perception, \& Psychophysics},
  volume={76},
  number={4},
  pages={1057--1068},
  year={2014},
  publisher={Springer}
}

@incollection{maniscalco2014signal,
  title={Signal detection theory analysis of type 1 and type 2 data: meta-d′, response-specific meta-d′, and the unequal variance SDT model},
  author={Maniscalco, Brian and Lau, Hakwan},
  booktitle={The cognitive neuroscience of metacognition},
  pages={25--66},
  year={2014},
  publisher={Springer}
}

@article{mazor2021stage,
  title={Stage 1 Registered Report: Metacognitive asymmetries in visual perception},
  author={Mazor, Matan and Moran, Rani and Fleming, Stephen},
  year={2021},
  publisher={PsyArXiv}
}

@book{wickens2002elementary,
  title={Elementary signal detection theory},
  author={Wickens, Thomas D},
  year={2002},
  publisher={Oxford University Press, USA}
}

@article{zylberberg2012construction,
  title={The construction of confidence in a perceptual decision},
  author={Zylberberg, Ariel and Barttfeld, Pablo and Sigman, Mariano},
  journal={Frontiers in integrative neuroscience},
  volume={6},
  pages={79},
  year={2012},
  publisher={Frontiers}
}


@article{meuwese2014subjective,
  title={The subjective experience of object recognition: comparing metacognition for object detection and object categorization},
  author={Meuwese, Julia DI and van Loon, Anouk M and Lamme, Victor AF and Fahrenfort, Johannes J},
  journal={Attention, Perception, \& Psychophysics},
  volume={76},
  number={4},
  pages={1057--1068},
  year={2014},
  publisher={Springer}
}

@article{detectionVSdiscrimination,
  title={On a distinction between detection and discrimination: metacognitive advantage for signal over noise
},
  author={Maniscalco, Brian and Lau, Hawkan},
  journal={poster presented at the Vision Sciences Society annual meeting},
  year={2011},
}

@article{kanai2010subjective,
  title={Subjective discriminability of invisibility: A framework for distinguishing perceptual and attentional failures of awareness},
  author={Kanai, Ryota and Walsh, Vincent and Tseng, Chia-huei},
  journal={Consciousness and cognition},
  volume={19},
  number={4},
  pages={1045--1057},
  year={2010},
  publisher={Elsevier}
}

@article{kellij2018foundations,
  title={The foundations of introspective access: how the relative precision of target encoding influences metacognitive performance},
    year={2018},
  author={Kellij, Sanne and Fahrenfort, Johannes and Lau, Hakwan and Peters, Megan AK and Odegaard, Brian},
  publisher={PsyArXiv}
}

@article{adelson1985spatiotemporal,
  title={Spatiotemporal energy models for the perception of motion},
  author={Adelson, Edward H and Bergen, James R},
  journal={Josa a},
  volume={2},
  number={2},
  pages={284--299},
  year={1985},
  publisher={Optical Society of America}
}

@article{rouder2009bayesian,
  title={Bayesian t tests for accepting and rejecting the null hypothesis},
  author={Rouder, Jeffrey N and Speckman, Paul L and Sun, Dongchu and Morey, Richard D and Iverson, Geoffrey},
  journal={Psychonomic bulletin \& review},
  volume={16},
  number={2},
  pages={225--237},
  year={2009},
  publisher={Springer}
}

@book{wickens2002elementary,
  title={Elementary signal detection theory},
  author={Wickens, Thomas D},
  year={2002},
  publisher={Oxford University Press, USA}
}

@article{koizumi2015does,
  title={Does perceptual confidence facilitate cognitive control?},
  author={Koizumi, Ai and Maniscalco, Brian and Lau, Hakwan},
  journal={Attention, Perception, \& Psychophysics},
  volume={77},
  number={4},
  pages={1295--1306},
  year={2015},
  publisher={Springer}
}

@article{kiani2014choice,
  title={Choice certainty is informed by both evidence and decision time},
  author={Kiani, Roozbeh and Corthell, Leah and Shadlen, Michael N},
  journal={Neuron},
  volume={84},
  number={6},
  pages={1329--1342},
  year={2014},
  publisher={Elsevier}
}

@article{rausch2018confidence,
  title={Confidence in masked orientation judgments is informed by both evidence and visibility},
  author={Rausch, Manuel and Hellmann, Sebastian and Zehetleitner, Michael},
  journal={Attention, Perception, \& Psychophysics},
  volume={80},
  number={1},
  pages={134--154},
  year={2018},
  publisher={Springer}
}

@article{fechner1860elements,
  title={Elements of psychophysics [Elemente der Psychophysik]},
  author={Fechner, Gustav Theodor and Adler, Helmut E},
  journal={Leipzig, Germany: Breitkopf and Ha rtel},
  year={1860}
}

@article{sepulveda2020visual,
  title={Visual attention modulates the integration of goal-relevant evidence and not value},
  author={Sepulveda, Pradyumna and Usher, Marius and Davies, Ned and Benson, Amy A and Ortoleva, Pietro and De Martino, Benedetto},
  journal={Elife},
  volume={9},
  pages={e60705},
  year={2020},
  publisher={eLife Sciences Publications Limited}
}